<collection xmlns="http://www.loc.gov/MARC21/slim"><record><leader>00630nam  2200193   450</leader><controlfield tag="001">902</controlfield><controlfield tag="003">http://montalegre.opacnet.com/OPAC/default.aspx?ContentAreaControl=ShowRegHoldings.ascx&amp;RegNo=16662</controlfield><datafield tag="100" ind1=" " ind2=" "><subfield code="a">20061013d1980    km y0pory010305  ba</subfield></datafield><datafield tag="101" ind1="1" ind2=" "><subfield code="a">por</subfield><subfield code="b">eng</subfield></datafield><datafield tag="102" ind1=" " ind2=" "><subfield code="a">PT</subfield></datafield><datafield tag="200" ind1="1" ind2=" "><subfield code="a">Morte no verão e outras histórias</subfield><subfield code="f">Yukio Mishima</subfield></datafield><datafield tag="210" ind1=" " ind2=" "><subfield code="a">[Cacém]</subfield><subfield code="c">Ró</subfield><subfield code="d">1980</subfield></datafield><datafield tag="215" ind1=" " ind2=" "><subfield code="a">247p. ;21 cm;</subfield></datafield><datafield tag="225" ind1="2" ind2=" "><subfield code="a">Autores</subfield><subfield code="v">3</subfield></datafield><datafield tag="300" ind1=" " ind2=" "><subfield code="a">Tit. orig. em Inglês : Death in midsummer and other stories</subfield></datafield><datafield tag="675" ind1=" " ind2=" "><subfield code="a">821</subfield></datafield><datafield tag="700" ind1=" " ind2="1"><subfield code="a">Mishima</subfield><subfield code="b">Yukio</subfield><subfield code="c">pseud.</subfield></datafield><datafield tag="801" ind1=" " ind2="0"><subfield code="a">PT</subfield><subfield code="b">Biblioteca Municipal de Montalegre</subfield><subfield code="g">RPC</subfield></datafield><datafield tag="856" ind1=" " ind2=" "><subfield code="u">locateMedia.asp?cod=20060629105350&amp;ext=jpg</subfield><subfield code="z">CAPA</subfield></datafield><datafield tag="909" ind1="&#9;" ind2=" "><subfield code="a">1</subfield></datafield><datafield tag="966" ind1=" " ind2=" "><subfield code="a">0009196</subfield><subfield code="l">BMM</subfield><subfield code="s">SCG 821 MIS mor</subfield></datafield></record></collection>